10400000         2124292000001430000000000000000000003788565061100000000CORE 360 TREINAMENTO FUNCIONALC ECON FEDERAL                          20803201601410500002004000000                    RETORNO-PRODUCAO                  000            
10400011T0100030 20124292000001430000000000000000000003788565061100000000CORE 360 TREINAMENTO FUNCIONAL                                                                                00000020080320160000000000                          00   
1040001300001T 020000006506110000000   140000051002566800100000020131    2403201600000000015380000000000000000000137              091000005100256680ORLEY  AFONSO DA SILVA                            000000000000000                           
1040001300002U 02000000000000000000000000000000000000000000000000000000000000000000000000000000000000000000000000000000000000000000000000080320160000000000000000000000000000000000000000000000000000000000000000000000000000000000000000       
1040001300003T 020000006506110000000   140000038176883005100000020132    2803201600000000007090000000000000000000151              091000003817688300SONIA FEITOSA                                     000000000000000                           
1040001300004U 02000000000000000000000000000000000000000000000000000000000000000000000000000000000000000000000000000000000000000000000000080320160000000000000000000000000000000000000000000000000000000000000000000000000000000000000000       
1040001300005T 020000006506110000000   140000123490757708100000020133    2503201600000000023070000000000000000000140              091000012349075770PEDRO MARQUES BOHRER                              000000000000000                           
1040001300006U 02000000000000000000000000000000000000000000000000000000000000000000000000000000000000000000000000000000000000000000000000080320160000000000000000000000000000000000000000000000000000000000000000000000000000000000000000       
1040001300007T 020000006506110000000   140000047335016504100000020134    2803201600000000015380000000000000000000157              091000004733501650THIAGO PONTES                                     000000000000000                           
1040001300008U 02000000000000000000000000000000000000000000000000000000000000000000000000000000000000000000000000000000000000000000000000080320160000000000000000000000000000000000000000000000000000000000000000000000000000000000000000       
1040001300009T 020000006506110000000   140000225269208171100000020135    2803201600000000021270000000000000000000144              091000022526920817RODRIGO DE JESUS SILVA                            000000000000000                           
1040001300010U 02000000000000000000000000000000000000000000000000000000000000000000000000000000000000000000000000000000000000000000000000080320160000000000000000000000000000000000000000000000000000000000000000000000000000000000000000       
1040001300011T 020000006506110000000   140000031156491775100000020136    2803201600000000007090000000000000000000158              091000003115649177WEVERTON  AMARAL GOMIDI                           000000000000000                           
1040001300012U 02000000000000000000000000000000000000000000000000000000000000000000000000000000000000000000000000000000000000000000000000080320160000000000000000000000000000000000000000000000000000000000000000000000000000000000000000       
1040001300013T 020000006506110000000   140000028526875939100000020105    2803201600000000007090000000000000000000154              091000002852687593TATIANA ALVES SANTOS                              000000000000000                           
1040001300014U 02000000000000000000000000000000000000000000000000000000000000000000000000000000000000000000000000000000000000000000000000080320160000000000000000000000000000000000000000000000000000000000000000000000000000000000000000       
1040001300015T 020000006506110000000   140000000000001185100000020106    2806201600000000023070000000000000000000147              091000042422753825SANDY MONACELLI                                   000000000000000                           
1040001300016U 02000000000000000000000000000000000000000000000000000000000000000000000000000000000000000000000000000000000000000000000000080320160000000000000000000000000000000000000000000000000000000000000000000000000000000000000000       
1040001300017T 020000006506110000000   140000000000001193100000020107    2803201600000000023070000000000000000000150              091000009122198741SAULO  DIAS DE CARVALHO                           000000000000000                           
1040001300018U 02000000000000000000000000000000000000000000000000000000000000000000000000000000000000000000000000000000000000000000000000080320160000000000000000000000000000000000000000000000000000000000000000000000000000000000000000       
1040001300019T 020000006506110000000   140000177036206113100000020108    2803201600000000007690000000000000000000153              091000001770362061SUELEN SOARES                                     000000000000000                           
1040001300020U 02000000000000000000000000000000000000000000000000000000000000000000000000000000000000000000000000000000000000000000000000080320160000000000000000000000000000000000000000000000000000000000000000000000000000000000000000       
1040001300021T 020000006506110000000   140000017703620614100000020109    2803201600000000015380000000000000000000152              091000001770362061SUELEN SOARES                                     000000000000000                           
1040001300022U 02000000000000000000000000000000000000000000000000000000000000000000000000000000000000000000000000000000000000000000000000080320160000000000000000000000000000000000000000000000000000000000000000000000000000000000000000       
1040001300023T 020000006506110000000   140000312755868640100000020110    2803201600000000021270000000000000000000143              091000031275586864ROBSON  LUIZ SILVA TAVARES                        000000000000000                           
1040001300024U 02000000000000000000000000000000000000000000000000000000000000000000000000000000000000000000000000000000000000000000000000080320160000000000000000000000000000000000000000000000000000000000000000000000000000000000000000       
1040001300025T 020000006506110000000   140000317396248666100000020111    2803201600000000015380000000000000000000148              091000031739624866RUBIA  FAJARD                                     000000000000000                           
1040001300026U 02000000000000000000000000000000000000000000000000000000000000000000000000000000000000000000000000000000000000000000000000080320160000000000000000000000000000000000000000000000000000000000000000000000000000000000000000       
1040001300027T 020000006506110000000   140000378651738068100000020112    2803201600000000007690000000000000000000155              091000037865173806THAIS DE ABREU BAILLO FARIA MACHADO               000000000000000                           
1040001300028U 02000000000000000000000000000000000000000000000000000000000000000000000000000000000000000000000000000000000000000000000000080320160000000000000000000000000000000000000000000000000000000000000000000000000000000000000000       
1040001300029T 020000006506110000000   140000381644458004100000020113    2503201600000000015380000000000000000000141              091000038164445800RENATA  TALLENS BARROSO                           000000000000000                           
1040001300030U 02000000000000000000000000000000000000000000000000000000000000000000000000000000000000000000000000000000000000000000000000080320160000000000000000000000000000000000000000000000000000000000000000000000000000000000000000       
1040001300031T 020000006506110000000   140000421181948897100000020114    2403201600000000015380000000000000000000138              091000042118194889PAOLA SOUZA MARQUES                               000000000000000                           
1040001300032U 02000000000000000000000000000000000000000000000000000000000000000000000000000000000000000000000000000000000000000000000000080320160000000000000000000000000000000000000000000000000000000000000000000000000000000000000000       
1040001300033T 020000006506110000000   140000424227538259100000020115    2803201600000000015380000000000000000000149              091000042422753825SANDY MONACELLI                                   000000000000000                           
1040001300034U 02000000000000000000000000000000000000000000000000000000000000000000000000000000000000000000000000000000000000000000000000080320160000000000000000000000000000000000000000000000000000000000000000000000000000000000000000       
1040001300035T 020000006506110000000   140000844405541722100000020116    2603201600000000023070000000000000000000142              091000084440554172RENATA DA SILVA OLIVEIRA                          000000000000000                           
1040001300036U 02000000000000000000000000000000000000000000000000000000000000000000000000000000000000000000000000000000000000000000000000080320160000000000000000000000000000000000000000000000000000000000000000000000000000000000000000       
1040001300037T 020000006506110000000   140000013678830085100000020117    2503201600000000023070000000000000000000139              091000001367883008PEDRO  MOTA LUIZ                                  000000000000000                           
1040001300038U 02000000000000000000000000000000000000000000000000000000000000000000000000000000000000000000000000000000000000000000000000080320160000000000000000000000000000000000000000000000000000000000000000000000000000000000000000       
1040001300039T 030000006506110000000   140000225269208171100000020118    2803201600000000015380000000000000000000145              090000022526920817RODRIGO DE JESUS SILVA                            00000000000000009                         
1040001300040U 03000000000000000000000000000000000000000000000000000000000000000000000000000000000000000000000000000000000000000000000000080320160000000000000000000000000000000000000000000000000000000000000000000000000000000000000000       
1040001300041T 030000006506110000000   140000317396248666100000020119    2803201600000000007090000000000000000000146              090000031739624866RUBIA  FAJARD                                     00000000000000009                         
1040001300042U 03000000000000000000000000000000000000000000000000000000000000000000000000000000000000000000000000000000000000000000000000080320160000000000000000000000000000000000000000000000000000000000000000000000000000000000000000       
1040001300043T 030000006506110000000   140000378651738068100000020120    2803201600000000015380000000000000000000156              090000037865173806THAIS DE ABREU BAILLO FARIA MACHADO               00000000000000009                         
1040001300044U 03000000000000000000000000000000000000000000000000000000000000000000000000000000000000000000000000000000000000000000000000080320160000000000000000000000000000000000000000000000000000000000000000000000000000000000000000       
1040001300045T 280000006506110000000                     0               00000000000000000000000000000000                         000000000000000000                                                  0000000000005700000000000                 
1040001300046U 280000000000000000000000000000000000000000000000000000000000000000000000000000000000000000000000000000000000000000000000000803201600000000000008032016000000000000000                              000                           
10400015         00004800000000000000000000000000000000000000000000000000000000000000000000000000000000000000000000                                                                                                                             
10499999         000001000050                                                                                                                                                                                                                   
